@misc{DBLP, 
url = http://dblp.uni-trier.de/}

@misc{CIDOC,
url = http://www.cidoc-crm.org/}

@misc{alchemy,
url = http://www.alchemyapi.com/}
